
@article{bib:tweedie,
      author         = "Katz, Andrey and Son, Minho and Tweedie, Brock",
      title          = "{Jet Substructure and the Search for Neutral Spin-One
                        Resonances in Electroweak Boson Channels}",
      journal        = "JHEP",
      volume         = "03",
      year           = "2011",
      pages          = "011",
      doi            = "10.1007/JHEP03(2011)011",
      eprint         = "1010.5253",
      archivePrefix  = "arXiv",
      primaryClass   = "hep-ph",
      reportNumber   = "UMD-PP-10-017",
      SLACcitation   = "%%CITATION = ARXIV:1010.5253;%%"
}


@article{bib:schaetzel,
      author         = "Schaetzel, Sebastian and Spannowsky, Michael",
      title          = "{Tagging highly boosted top quarks}",
      journal        = "Phys. Rev.",
      volume         = "D89",
      year           = "2014",
      number         = "1",
      pages          = "014007",
      doi            = "10.1103/PhysRevD.89.014007",
      eprint         = "1308.0540",
      archivePrefix  = "arXiv",
      primaryClass   = "hep-ph",
      SLACcitation   = "%%CITATION = ARXIV:1308.0540;%%"
}

@article{bib:power_counting,
      author         = "Larkoski, Andrew J. and Moult, Ian and Neill, Duff",
      title          = "{Power Counting to Better Jet Observables}",
      journal        = "JHEP",
      volume         = "12",
      year           = "2014",
      pages          = "009",
      doi            = "10.1007/JHEP12(2014)009",
      eprint         = "1409.6298",
      archivePrefix  = "arXiv",
      primaryClass   = "hep-ph",
      reportNumber   = "MIT--CTP-4588",
      SLACcitation   = "%%CITATION = ARXIV:1409.6298;%%"
}


@article{bib:analytic_ECF,
      author         = "Larkoski, Andrew J. and Moult, Ian and Neill, Duff",
      title          = "{Analytic Boosted Boson Discrimination}",
      journal        = "JHEP",
      volume         = "05",
      year           = "2016",
      pages          = "117",
      doi            = "10.1007/JHEP05(2016)117",
      eprint         = "1507.03018",
      archivePrefix  = "arXiv",
      primaryClass   = "hep-ph",
      reportNumber   = "MIT-CTP-4681",
      SLACcitation   = "%%CITATION = ARXIV:1507.03018;%%"
}

@article{bib:ECF,
      author         = "Larkoski, Andrew J. and Salam, Gavin P. and Thaler,
                        Jesse",
      title          = "{Energy Correlation Functions for Jet Substructure}",
      journal        = "JHEP",
      volume         = "06",
      year           = "2013",
      pages          = "108",
      doi            = "10.1007/JHEP06(2013)108",
      eprint         = "1305.0007",
      archivePrefix  = "arXiv",
      primaryClass   = "hep-ph",
      reportNumber   = "MIT-CTP-4446, CERN-PH-TH-2013-066, LPN13-026",
      SLACcitation   = "%%CITATION = ARXIV:1305.0007;%%"
}



@article{bib:nsub,
      author         = "Thaler, Jesse and Van Tilburg, Ken",
      title          = "{Identifying Boosted Objects with N-subjettiness}",
      journal        = "JHEP",
      volume         = "03",
      year           = "2011",
      pages          = "015",
      doi            = "10.1007/JHEP03(2011)015",
      eprint         = "1011.2268",
      archivePrefix  = "arXiv",
      primaryClass   = "hep-ph",
      reportNumber   = "MIT-CTP-4191",
      SLACcitation   = "%%CITATION = ARXIV:1011.2268;%%"
}

@article{bib:w_tagging,
      author         = "Aad, Georges and others",
      title          = "{Identification of boosted, hadronically decaying W
                        bosons and comparisons with ATLAS data taken at $\sqrt{s}
                        = 8$ TeV}",
      collaboration  = "ATLAS",
      journal        = "Eur. Phys. J.",
      volume         = "C76",
      year           = "2016",
      number         = "3",
      pages          = "154",
      doi            = "10.1140/epjc/s10052-016-3978-z",
      eprint         = "1510.05821",
      archivePrefix  = "arXiv",
      primaryClass   = "hep-ex",
      reportNumber   = "CERN-PH-EP-2015-204",
      SLACcitation   = "%%CITATION = ARXIV:1510.05821;%%"
}

@techreport{art35,
      title         = "{Jet mass reconstruction with the ATLAS Detector in early
                       Run 2 data}",
      institution   = "CERN",
      collaboration = "ATLAS Collaboration",
      address       = "Geneva",
      number        = "ATLAS-CONF-2016-035",
      month         = "Jul",
      year          = "2016",
      reportNumber  = "ATLAS-CONF-2016-035",
      url           = "http://cds.cern.ch/record/2200211",
}

@article{antiktalgo,
      author         = "Cacciari, Matteo and Salam, Gavin P. and Soyez, Gregory",
      title          = "{The Anti-k(t) jet clustering algorithm}",
      journal        = "JHEP",
      volume         = "04",
      year           = "2008",
      pages          = "063",
      doi            = "10.1088/1126-6708/2008/04/063",
      eprint         = "0802.1189",
      archivePrefix  = "arXiv",
      primaryClass   = "hep-ph",
      reportNumber   = "LPTHE-07-03",
      SLACcitation   = "%%CITATION = ARXIV:0802.1189;%%"
}

@article{substructure1,
      author         = "Aad, Georges and others",
      title          = "{Performance of jet substructure techniques for large-$R$
                        jets in proton-proton collisions at $\sqrt{s}$ = 7 TeV
                        using the ATLAS detector}",
      collaboration  = "ATLAS",
      journal        = "JHEP",
      volume         = "09",
      year           = "2013",
      pages          = "076",
      doi            = "10.1007/JHEP09(2013)076",
      eprint         = "1306.4945",
      archivePrefix  = "arXiv",
      primaryClass   = "hep-ex",
      reportNumber   = "CERN-PH-EP-2013-069",
      SLACcitation   = "%%CITATION = ARXIV:1306.4945;%%"
}

@article{presentation,
author = "Napolitano, Fabrizio",
journal = "talk given in the Jet Substructure and jet-by-jet tagging meeting on 18 Feb 2016",
url = "https://indico.cern.ch/event/495766/contributions/1174422/attachments/1231007/1804520/JSS_18Feb.pdf",
year = 2016,
}

@article{highlumi,
journal = "JetSubstructureECFA2014 AtlasPublic TWiki",
url="https://twiki.cern.ch/twiki/bin/view/AtlasPublic/JetSubstructureECFA2014",
year = "2016",
}

